@article{Udpa2020,
author = {L Udpa and S S Udpa},
journal = "IEE Proceedings-F",
doi = {10.1313/415151515},
volume = {138},
number = {1},
pages = {201--205},
title = {{Neural Networks for the Classification of Non-Destructive Evaluation Signals}},
year = {1991},
month = feb,
}
